1904 3020
203 274 243 334 ω
345 261 645 353 sensuit

200 391 336 468 lentum,
356 405 441 456 veste
459 394 618 470 refletunt,
638 381 787 475 procursu

200 507 357 572 vegetum,⁴
367 496 584 557 introeuntibus
601 497 723 558 obvium
735 539 743 571 ,
755 506 786 556 et
848 501 850 505 ’

200 597 353 672 majestate
361 599 489 660 numinis
499 599 677 661 venerabile.
689 599 787 658 Canes

198 699 349 782 utrimque
359 723 442 762 secus
458 703 521 762 deae
529 702 621 762 lutera
631 693 784 773 muniunt;

202 803 255 883 qui
275 826 363 864 canes
384 805 490 887 stipsi
516 805 592 887 lapis
613 814 712 864 erant,
729 801 785 860 His

200 907 281 964 oculi
290 907 438 968 minantur
446 954 455 984 ‚
468 929 554 968 aures
569 907 683 987 rigent,
698 924 784 966 nares

200 1005 302 1083 hiant,
321 1031 374 1068 ora
394 1011 539 1088 saeviunt3
557 1022 587 1068 et
607 1009 729 1069 sicunde
747 1008 789 1065 de
816 995 818 998 ¹
836 993 839 1000 ¹

200 1111 343 1191 proximo
349 1112 471 1172 latratus
479 1111 635 1191 ingruerit,
648 1131 715 1169 eum
723 1129 784 1210 Pu-

193 1213 274 1294 tsbis
289 1217 327 1276 de
340 1215 472 1277 faucibus
483 1213 610 1298 lapideis
622 1215 721 1276 exire:
733 1225 763 1274 et
773 1253 784 1288 ,

200 1317 310 1400 inquo
334 1341 481 1382 summum
509 1321 659 1402 specimen
684 1307 784 1400 operae

199 1417 311 1481 fabrilis
329 1423 468 1502 egregius
477 1423 528 1482 ille
539 1421 666 1502 signifex
677 1419 785 1500 prodi-

202 1524 266 1599 dit,
284 1527 403 1586 sublatis
425 1521 543 1596 canibus
560 1526 591 1584 in
612 1536 716 1606 pectus
735 1545 783 1583 ur-

202 1625 287 1700 duis,
304 1629 396 1707 pedes
412 1627 465 1684 imi
484 1627 639 1702 resistunt,
660 1635 786 1688 currunt

199 1726 324 1805 priores.
346 1729 430 1787 Pone
449 1736 568 1808 tergum
595 1731 660 1789 deae
681 1753 784 1790 saxum

199 1827 325 1906 insurgit
337 1871 345 1902 ,
358 1829 390 1888 in
399 1830 548 1910 speluncae
559 1822 681 1892 mutium
700 1853 782 1892 mus·-

200 1928 243 1988 cis
263 1942 291 1987 et
310 1929 424 2004 herbis,
440 1945 469 1992 et
491 1931 571 1993 foliis
584 1944 614 1992 et
632 1921 781 2011 viugnlis,

201 2042 231 2090 'et
258 2031 351 2091 sicubi
371 2035 545 2115 pampinis,
566 2045 596 2094 et
618 2033 782 2093 arbusculis

196 2135 269 2194 alibi
280 2136 318 2194 de
329 2135 430 2216 lepide
439 2137 632 2196 florentibus:
645 2135 782 2215 splendet

199 2237 279 2296 intus
288 2239 391 2297 umbra
406 2239 484 2319 signi
499 2240 536 2298 de
546 2238 644 2297 nitore
660 2233 779 2318 lapidis.

105 2368 107 2375 s
202 2337 263 2418 Sub
281 2341 486 2402 extremsssxi
497 2339 631 2419 msr'gine
644 2361 732 2422 poma
750 2348 783 2401 et
