1904 3020
166 289 206 333 ao
302 271 614 354 arua-arr·

104 403 107 418 '
166 403 214 451 tus
225 391 297 450 tanti
312 389 454 451 violentia
462 387 683 470 prosternitur:
700 406 753 446 ma

168 514 287 574 quoque
308 492 460 552 evolutum
478 504 566 572 atque
593 511 749 550 excussum

167 593 251 654 humi
269 595 405 669 recidena
425 593 598 654 universum
614 589 756 670 cooperit

156 689 202 756 ¹ao
212 697 295 776 tegit.
311 697 398 757 Tune
415 716 471 775 ego
485 694 562 754 aenai
576 691 750 752 naturaliter

168 803 311 882 quosdam
320 797 667 890 affeetuaincoutrarium
677 814 752 876 pro·
795 824 799 829 ·

167 903 281 966 venire.
294 903 368 967 Nam
375 901 554 980 utlacrymae
565 897 704 978 saepicule
714 896 753 956 de

168 1005 277 1085 gaudio
288 1005 452 1086 prodeunt3
466 1003 544 1060 itaet
554 1001 648 1060 inille
658 997 751 1058 nimio
839 1029 842 1034 ·

167 1127 281 1187 pavere
291 1105 383 1164 risum
393 1103 516 1184 nequivi
526 1100 694 1174 continere,
714 1100 753 1160 de

168 1205 356 1266 Aristomene
367 1205 484 1266 testudo
502 1201 607 1264 factus.
620 1203 666 1262 Ac
680 1203 753 1262 duan

168 1312 201 1370 in
211 1309 348 1370 infimum
359 1310 493 1388 dejectus
502 1309 640 1392 ,obliquo
651 1331 755 1391 aspec-

169 1428 203 1476 tu
214 1415 288 1501 quid
298 1417 343 1474 rei
354 1416 391 1476 ait
400 1414 547 1496 grabatuli
557 1415 676 1474 solertia
686 1437 754 1474 mu-

169 1519 249 1580 nitus
259 1519 418 1602 opperior3
430 1519 519 1579 video
533 1517 673 1578 mulieres
683 1519 755 1604 duaa

168 1619 283 1680 altioris
303 1619 407 1680 aetatis.
434 1619 602 1678 Lucernam
625 1617 756 1685 lucidam

169 1721 292 1800 gerebat
312 1739 370 1778 una
387 1761 397 1792 ‚
417 1719 572 1798 spongiam
595 1730 624 1778 et
640 1710 756 1779 'nudum

143 1893 151 1911 l
170 1821 303 1900 gladium
312 1809 413 1880 altera.
422 1821 488 1880 Hoc
497 1821 598 1904 habitu
606 1821 757 1882 Socratem

165 1923 246 1984 'bene
272 1921 413 2009 quietum¹
427 1923 657 1992 circumstetere.
686 1921 758 1982 Infit

171 2025 222 2084 illa
233 2047 301 2086 cum
311 2024 411 2106 gladio
424 2048 431 2084 :
443 2027 501 2086 Hic
512 2039 555 2086 eet
562 2071 571 2100 ,
581 2046 667 2086 soror
675 2027 757 2084 Pan-

171 2127 249 2203 thia,
259 2127 599 2210 oaruaEndymionzhic
609 2127 759 2187 catamitus

173 2251 257 2290 meua
267 2273 276 2306 ‚
287 2229 339 2309 qui
349 2230 451 2290 diebus
460 2251 496 2290 ac
504 2229 641 2289 noctibus
651 2239 757 2288 aetatu-

172 2332 232 2391 lam
247 2351 344 2392 meam
360 2331 454 2392 illusit
470 2353 478 2390 z
495 2329 544 2392 hic
556 2342 599 2394 eat
617 2330 669 2413 qui
685 2331 758 2396 naeia
