1904 3020
197 275 254 336 ψ’
333 259 632 314 inuenti

192 375 354 436 Ettandem
363 377 490 458 denique
497 378 640 439 devorato
648 376 778 458 pudore,

191 477 230 536 ud
251 477 395 537 Milonem
411 478 458 537 uio
478 479 586 541 :Ferat
603 501 683 548 suum
698 479 778 539 Dio-

189 579 301 660 phanes
314 581 366 640 ille
378 580 526 642 fortunam
535 627 546 656 „
562 597 592 644 et
606 583 699 664 spolia
715 603 776 662 po-

188 683 331 763 pulorum
343 705 460 744 rursum
474 684 604 746 conferat
615 685 689 744 mari
698 683 778 764 pari·

189 793 236 842 ter
250 805 284 844 uc
297 797 384 846 terroe
402 811 409 844 z
424 787 498 846 mihi
510 807 583 848 vero
599 785 777 866 fatigationis

189 884 335 948 hestemae
349 889 435 948 etiam
452 909 531 949 nunc
542 889 639 949 saucio
652 933 661 964 ,
674 889 710 948 da
721 908 775 947 ve-

185 989 264 1048 nium
285 991 429 1050 matutius
450 993 607 1052 concedam
631 991 773 1052 cubitum.

185 1092 223 1150 Et
236 1113 304 1180 cum
321 1079 400 1152 dicto
417 1092 548 1168 facesso,
563 1105 592 1153 et
603 1092 772 1152 cubiculum

183 1213 283 1252 meum
294 1196 451 1254 contendo.
467 1195 566 1276 Atque
582 1195 645 1255 illic
661 1196 772 1275 depreJ·

182 1295 282 1356 hendo
301 1297 457 1377 epularum
474 1298 684 1378 dispositiones
702 1296 772 1358 satis

182 1399 349 1459 concinnas.
369 1400 443 1458 Nam
463 1412 492 1460 et
508 1401 609 1483 pueris
629 1412 712 1459 extre
730 1399 771 1457 li·

181 1521 271 1576 men,
293 1505 405 1576 credo,
426 1515 459 1562 ut
480 1503 605 1562 arbitrio
630 1500 769 1562 nocturni

181 1589 319 1681 gannitus
335 1605 561 1682 ablegarentur‚
578 1605 662 1664 humi
680 1623 768 1685 quam

179 1705 288 1782 procul
311 1705 464 1763 distratum
484 1705 580 1764 fuerat
597 1730 606 1790 .²
627 1708 768 1786 grabatu-
851 1777 854 1784 Ι

178 1803 350 1864 lum‘meum
360 1807 465 1866 assistit
477 1808 610 1868 mensula
620 1829 711 1868 coenae
722 1821 769 1867 to·

179 1907 238 1964 tius
251 1889 391 1968 'honestas
411 1909 550 1990 reliquias
567 1911 715 1971 tolerans:
737 1923 767 1971 et

179 2009 283 2068 calices
293 2011 364 2068 boui
375 2052 384 2084 ‚
396 2011 457 2086 jam
468 2011 565 2074 infuso
579 2013 665 2072 latice
676 2013 765 2072 semi-

177 2113 274 2196 pleni,
286 2113 376 2171 solam
387 2115 560 2193 temperiem
572 2115 761 2174 sustinentem

177 2225 207 2271 et
225 2213 329 2292 lagena
346 2214 432 2290 juxta
451 2215 567 2274 orificio
587 2215 690 2274 cessim
708 2216 761 2274 de-

175 2313 305 2375 hiscente
323 2327 474 2396 patescens
483 2360 494 2392 ,
512 2315 607 2376 facilis
621 2315 759 2391 huuritu,
845 2369 847 2378 ,
