1892 3016
228 289 695 364 Aaounaurou

276 435 422 478 LIBRI
452 436 643 479 TERTII.

204 553 272 600 Exo
280 569 340 602 aso
351 551 394 602 die
405 589 412 615 ,
424 551 589 618 magistratus
598 569 656 602 curu
665 550 756 603 minis-

171 635 219 685 tris
238 637 347 688 domum
370 638 479 706 Apuleii
501 645 597 705 petunt
618 655 624 685 z
643 652 754 704 eumque

172 726 303 786 tamquam
319 718 497 783 homicidam,
514 718 544 769 in
558 719 688 786 judicium
703 728 756 770 tra-

173 797 249 852 hunt.
260 805 347 856 Turba
357 805 452 872 populi
461 803 619 863 confluentis
627 813 655 854 et
663 812 756 854 cuncta

174 886 299 953 stipantis
311 890 446 955 eleganter
458 889 624 942 describitur.
640 890 757 940 Accusa-

174 979 219 1019 tor
228 970 369 1022 homicidii
379 989 453 1022 reum
465 973 520 1038 agit
537 990 543 1021 ε
555 987 615 1021 raus
625 970 758 1021 iunocen-

175 1054 240 1103 tiam
248 1073 321 1105 suam
328 1066 447 1119 tutatur,
458 1073 612 1122 causamque
620 1055 676 1120 agit
684 1073 760 1122 argu-

174 1140 757 1208 mentisoratoriis.Interhoecauusadventat‚

175 1235 308 1293 tamquam
329 1243 423 1294 parens
442 1237 618 1284 necatorum:
639 1243 706 1292 quos
726 1210 774 1280 ut]

175 1319 248 1361 utres
263 1329 318 1362 osse
338 1322 461 1379 apparet,
479 1312 596 1362 exoritur
616 1310 759 1361 cachinnus

175 1394 761 1450 immodicus:etsicdeiRisusoelebratacunr

176 1481 311 1536 hilaritate
327 1483 463 1536 solemnia.
480 1483 554 1532 Fotis
566 1497 669 1532 causam
680 1481 761 1533 dotat

178 1565 761 1632 lactiutricidii.MoxadhibetLuciumspeo-

177 1659 292 1700 tatorem
301 1649 450 1718 Pamphiles
460 1651 489 1699 in
498 1667 571 1700 avem
578 1667 606 1700 se
620 1649 761 1716 transfigu-

179 1735 262 1786 rantis
272 1773 280 1798 ,
290 1734 407 1800 unguine
417 1734 518 1802 magico
528 1733 654 1784 delibutae
663 1752 669 1785 :
678 1735 723 1802 qui
733 1743 761 1785 et

179 1817 236 1885 ipse
245 1817 292 1866 tali
301 1816 433 1867 desiderio
441 1817 551 1884 flagrans
559 1855 566 1880 ,
575 1817 671 1867 dumin
679 1819 763 1869 bubo·

180 1917 240 1951 nem
246 1899 326 1966 gestit
334 1899 531 1969 immutari‚per
538 1918 652 1952 errorem
659 1901 761 1968 pyxidis

179 1985 361 2053 unguentariae
371 1985 399 2036 in
409 1985 510 2038 asinum
518 1983 761 2052 transfiguratur.lrr

182 2073 268 2136 calce,
284 2070 441 2121 latrocinale
456 2071 556 2121 furtum
570 2071 698 2136 refertur,
709 2087 762 2136 quo

115 2187 116 2190 =
179 2158 267 2207 asinus
277 2173 334 2206 cum
342 2155 434 2207 ceteris
442 2155 568 2219 jumentis
577 2165 687 2210 onustus
696 2155 764 2223 gazis

180 2241 290 2292 Milonis
299 2240 413 2312 hospitis
423 2239 571 2294 abducitur.
