1904 3020
207 244 245 306 62
342 249 639 305 sennen

204 367 790 447 globatos,insummumverticemnddns

203 468 408 530 adstrinxerat.
425 469 488 530 Nec
505 471 615 534 diutius
629 475 713 555 quivi
723 489 790 538 tsn-

205 572 435 632 tumcrucintum
442 573 789 654 voluptatiseximioesus·

148 739 154 749 ¹
203 675 316 751 tinere;
330 677 384 735 sed
396 697 509 756 pronus
518 675 550 736 in
565 699 628 737 earn
638 723 647 754 ,
659 701 716 760 qus
727 680 787 741 fine

204 797 351 838 summum
360 783 499 838 cacumen
509 778 633 859 capillus
639 783 788 857 ascendit,

202 881 427 942 mellitissimum
432 880 509 940 illud
519 882 633 942 savium
639 883 786 963 impressi.

104 1027 108 1034 =
202 983 335 1042 Tumilla
346 984 493 1044 cervicem
500 984 619 1045 intorsit
630 1031 640 1061 ,
651 991 729 1048 etad
740 1003 805 1048 me·

203 1106 343 1146 conversa
351 1085 431 1146 limis
441 1099 470 1145 et
481 1088 706 1150 morsicantibus
718 1111 789 1150 ocu-

202 1188 256 1263 tis,
267 1189 349 1248 Heus
358 1200 391 1246 tu
403 1188 588 1265 scholastice,
598 1191 639 1251 ait
649 1237 658 1268 ,
668 1194 787 1253 dulcem

203 1303 232 1350 et
247 1313 377 1350 amarum
391 1292 544 1370 gustulum
561 1294 666 1375 carpis.
684 1297 787 1371 Cave,

147 1409 149 1413 '
202 1415 240 1454 ne
254 1393 344 1454 nimia
358 1393 454 1454 mellis
466 1395 624 1456 dulcedine
643 1397 787 1457 diutinam

201 1497 268 1558 bilis
283 1498 510 1572 amaritudinem
525 1499 688 1558 contrahas.
704 1499 786 1574 Quid

201 1599 284 1674 istic,
301 1601 437 1680 inquam,
461 1612 521 1674 est,
543 1619 607 1658 mea
625 1598 786 1672 festivitas,
814 1629 817 1636 ·

201 1723 268 1761 cum
278 1702 331 1760 sim
340 1713 459 1780 paratus
468 1745 478 1775 ‚
487 1701 539 1760 vel
547 1723 607 1760 uno
618 1702 728 1762 saviolo
739 1702 786 1761 iu·

151 1813 155 1820 '
199 1803 286 1862 terim
302 1815 470 1876 recreatus,
483 1825 574 1884 snper
583 1804 672 1864 istum
686 1804 786 1882 ignem

199 1917 353 1986 porrectus
368 1903 480 1965 assari?
496 1907 535 1964 Et
546 1927 613 1965 cnm
624 1907 703 1966 dicto
714 1925 782 1964 arc·

116 2033 122 2037 ·
199 2007 256 2067 tius
276 2027 340 2066 com
352 2008 546 2087 complexus,
567 2009 645 2088 coepi
668 2005 784 2067 sevisti.

198 2110 434 2190 Jamqueaemula
443 2109 566 2170 libidine
576 2110 608 2166 in
618 2110 727 2168 amoris
735 2129 786 2189 pe·

197 2211 336 2272 rilitatem
349 2211 638 2290 congermanescenti
651 2233 768 2271 mecum
774 2254 784 2284 ,

196 2310 255 2387 jem
266 2314 393 2392 patentis
403 2313 464 2372 oris
473 2313 603 2372 inhalatu
614 2313 780 2388 cinnameo,
