1904 3020
334 289 610 340 LIBER-1.
726 285 763 344 15

180 427 312 487 caupona
333 409 406 492 quid
423 411 558 500 mulierie
573 423 617 472 est
634 412 648 471 ἲ
665 411 740 492 Saga
754 455 764 486 ,

180 512 294 594 inquit,
305 525 335 573 et
345 513 463 589 divina,
474 527 581 595 potens
591 517 699 579 coelum
709 517 764 576 de-

178 636 311 696 ponere,
327 627 436 678 terram
449 619 629 700 suspendere
641 663 650 694 ,
667 617 764 678 fontes

119 779 122 786 ,
178 717 287 780 durare
294 719 546 792 ,montesdiluere
553 720 764 795 ,menessubli-

176 841 256 886 mare
264 863 272 894 ,
291 821 362 882 deos
373 821 525 897 infimam,
537 824 633 886 sidera
649 823 763 884 exstin-

175 943 283 1000 guere,
298 923 455 982 Tartarum
471 924 568 1004 ipsum
581 923 759 988 illuminare.

176 1023 257 1099 Oro,
267 1045 321 1084 oro
333 1038 362 1084 te
372 1069 381 1099 ‚
390 1025 511 1108 inquam
519 1069 529 1099 ,
537 1026 663 1086 aulaeum
672 1025 761 1105 tragi-

176 1149 243 1188 cum
252 1129 414 1203 dimoveto,
423 1128 604 1209 eteiparium
612 1129 760 1190 scenicum

118 1239 126 1244 ”
174 1231 349 1312 complicato
364 1254 371 1292 ε
384 1244 413 1290 et
426 1233 501 1292 cedo
512 1209 614 1292 verbss
624 1253 760 1291 commu·-

172 1331 268 1392 nibus.
288 1333 344 1394 vis
352 1377 362 1408 ‚
379 1333 495 1414 inquit,
513 1355 606 1393 unum
623 1334 674 1396 vel
687 1334 761 1394 alte-

74 1486 79 1494 .
172 1454 258 1515 rum,
271 1433 362 1494 immo
373 1434 503 1516 plurima
513 1435 579 1512 ejus
589 1437 693 1499 audire
702 1433 761 1494 fac·

172 1536 226 1596 ta?
237 1537 328 1610 Nam,
345 1547 378 1595 ut
395 1557 426 1596 ee
442 1549 541 1596 ament
554 1537 685 1597 efflictim
699 1557 760 1596 non

172 1639 262 1698 modo
272 1638 397 1714 incole,
407 1659 513 1700 verum
526 1637 614 1698 etiam
625 1638 695 1700 Indi
709 1639 760 1700 vel

173 1740 330 1820 AEthiopes
341 1740 462 1820 utrique
473 1784 483 1814 ,
496 1739 546 1801 vel
557 1739 617 1822 ipsi
631 1739 760 1800 Antich÷

171 1843 291 1918 thence,
303 1842 376 1930 solie
385 1857 453 1904 sunt
462 1845 550 1921 artis,
562 1855 591 1904 et
600 1865 688 1926 nugae
699 1865 760 1904 me÷

113 1919 120 1940 ⁸
173 1967 225 2004 rae.
237 1946 312 2020 Sed,
323 1946 405 2027 quod
415 1946 447 2006 in
457 1960 615 2030 conspeetu
626 1947 760 2027 plurium

171 2048 373 2130 perpetravit,
383 2049 462 2113 audi.
474 2048 645 2108 Amatorem
657 2059 758 2120 strum,

172 2150 290 2228 quodvi
298 2149 384 2210 aliam
394 2162 581 2224 temerasset,
592 2148 680 2208 unico
686 2169 758 2208 veru

170 2253 208 2312 bo
221 2255 344 2315 mutavit
354 2253 386 2312 in
394 2251 487 2312 feram
499 2263 641 2326 castorem
652 2251 755 2332 equod

170 2375 203 2414 ee
213 2355 305 2416 bestia
321 2354 497 2442 captivitatis
508 2366 659 2429 metuens,
673 2374 704 2414 re
716 2353 753 2412 eb
850 2378 855 2392 ·
