1904 3020
307 251 521 336 utana
562 281 615 328 11.
703 251 752 332 Ι6ι

171 398 250 459 latur
257 398 324 473 puel
334 418 401 460 cum
412 397 504 475 guttis
513 395 637 454 arabicis
648 396 757 460 obuncr

171 513 243 575 tus,
264 513 293 559 et
306 500 430 580 pectinis
449 501 550 580 arguti
569 497 758 560 dente'tenui

170 601 409 673 discriminatus,
418 613 447 660 et
457 623 537 680 pone
545 623 664 662 versum
675 623 758 662 cose

175 703 367 768 tuaamatoris
377 703 470 762 oculis
479 725 638 764 occurrens
645 705 759 778 ,adine
805 763 808 768 .

177 817 222 866 tar
235 807 367 886 speculi,
378 805 478 864 reddit
488 806 645 885 imaginem
652 808 764 886 gestio»

177 909 273 978 rem?
295 906 378 980 Quid
399 904 637 987 eumfrcquenti
660 909 762 967 sobole

178 1003 287 1090 spissus
299 1007 427 1067 cumulat
440 1009 582 1068 verticem
593 1054 602 1084 ,
618 1011 668 1070 vel
686 1032 760 1091 pro.-

179 1110 241 1171 lixa
251 1110 762 1192 serieporrectusdorsaperinanatl

180 1211 276 1283 Tanta
291 1211 419 1292 denique
436 1223 478 1273 est
499 1211 696 1292 capillamenti
715 1212 763 1272 di-

182 1311 295 1390 gnitas,
315 1325 370 1386 ut,
388 1314 522 1392 quamvis
548 1335 641 1388 anre,
662 1325 763 1386 veste,

182 1414 322 1492 gemmis,
335 1416 474 1494 omnique
484 1425 582 1475 cetero
594 1417 705 1478 mundo
716 1437 766 1474 ex-

185 1528 286 1591 ornata
308 1517 417 1576 mulier
435 1517 570 1592 incedat,
594 1529 691 1576 temen
708 1515 765 1576 iiisi

186 1619 325 1698 capillum
335 1618 503 1679 distinxerit
509 1627 692 1692 ,ornatan'on
700 1639 766 1698 pos·

178 1720 221 1780 sit
233 1721 346 1780 audire.
366 1722 425 1780 Sed
444 1721 475 1780 in
493 1743 557 1782 mea
573 1720 694 1794 Fotide,
706 1741 783 1786 non.

187 1843 347 1903 operosus,
365 1826 417 1883 sed
440 1824 627 1885 inordinatus
649 1835 768 1885 ornatus

186 1927 311 1984 addebat
328 1926 462 2004 gratiam.
480 1927 594 1986 Uberes
613 1927 692 1988 enim
710 1926 770 1986 cri·

188 2048 241 2086 nes
252 2072 261 2102 ,
279 2027 386 2086 leniter
398 2027 533 2100 emissos,
550 2041 579 2086 et
590 2029 706 2090 cervice
717 2029 771 2086 de-

182 2129 354 2209 pendulos,
376 2151 409 2189 sc
423 2128 531 2188 deinde
546 2150 602 2208 per
615 2129 690 2188 colla
709 2128 771 2187 ‹lis-

189 2232 321 2310 positos,
343 2231 517 2310 sensimque
527 2231 640 2288 sinuato
655 2229 771 2310 patagio

191 2333 353 2394 residentes
364 2333 534 2412 ,paulisper
548 2333 586 2392 ad
602 2331 691 2418 linem
703 2353 775 2425 eor-

276 2456 298 2494 1.
526 2523 529 2530 ⁴
676 2435 695 2494 6
