1904 3020
102 259 105 264 “
204 253 246 321 ὦ
349 261 645 314 trusels

205 396 288 436 meus
303 377 334 436 in
350 398 398 436 me
409 377 576 452 consuluit,
593 380 645 462 qui
654 381 791 462 peregri—

126 533 130 550 ,
203 491 321 540 nentem
332 481 383 540 tali
391 482 460 542 viro
468 481 691 558 conciliavit,in
703 479 790 562 cujus

202 577 334 664 hospitio
352 605 408 644 nee
423 581 497 644 fumi
509 607 564 646 nec
573 585 688 646 nidoris
696 587 791 645 nebu-

102 753 105 764 *
203 681 262 742 lsm
280 706 411 746 vererer.
429 689 467 747 Et
488 710 555 750 cum
571 689 651 750 dicto
671 689 790 748 modico

206 803 289 846 secus
301 810 495 868 progressus,
506 791 746 867 ustiumuecedo,
761 803 790 850 et

203 887 323 966 januam
340 891 466 952 fimiter
486 895 702 974 oppessulatam
720 893 791 975 puts

104 1045 107 1053 .
204 1011 269 1050 sure
280 993 424 1054 vocaliter
433 994 555 1076 incipio.
573 996 705 1056 Tandem
715 999 790 1056 edo-

203 1093 362 1156 lescentule
373 1097 507 1177 quaedem
513 1099 697 1176 procedens,
708 1079 790 1158 Heus

199 1205 237 1268 ¹tu
247 1239 258 1270 ,
279 1195 395 1276 inquit,
416 1197 468 1278 qui
489 1210 548 1256 tam
568 1196 686 1258 fortiter
710 1197 789 1258 fores

204 1299 387 1376 verberasti,
403 1302 457 1360 sub
472 1322 532 1380 qua
546 1301 646 1382 specie
661 1302 789 1364 mutuari

203 1401 288 1482 cupis
300 1403 314 1462 i
333 1395 425 1462 An'tu
435 1402 514 1463 solus
524 1401 662 1483 ignores,
679 1415 790 1484 praeter

202 1523 307 1564 surum
319 1517 533 1586 argentumque
548 1505 663 1566 nullum
674 1526 728 1566 nos
740 1486 789 1586 pi-

202 1630 279 1688 gnus
288 1610 444 1670 admittere
459 1612 473 1670 2
491 1609 634 1684 Meliore,
650 1609 786 1690 inquam,

203 1710 353 1785 ominare3
370 1721 398 1770 et
406 1709 508 1790 potius
517 1712 667 1790 responde
676 1755 685 1785 ‚
694 1733 731 1770 an
742 1711 789 1769 in-

198 1793 251 1868 ¹tra
267 1811 344 1870 sedes
362 1811 468 1869 herum
485 1822 569 1870 tuum
587 1793 788 1872 offenderimi

202 1911 295 1975 Plane
305 1955 314 1985 ‚
330 1911 441 1992 inquit:
454 1915 507 1974 sed
517 1935 585 1994 quae
596 1936 680 1974 causa
690 1895 788 1994 tiuaes·

202 2012 291 2072 tionis
300 2011 392 2089 hujus
401 2015 416 2073 ?
426 2014 555 2076 Litteras
565 2017 593 2075 ei
603 2037 619 2076 a
630 2015 786 2076 Corinthio

127 2123 129 2127 ’
201 2117 314 2175 Demea
332 2117 493 2178 duumviro
511 2119 638 2196 scriptas
657 2119 695 2176 ad
718 2139 786 2178 eum

201 2217 306 2280 reddo.
318 2219 399 2276 Dum
408 2219 549 2278 annuntio
560 2218 693 2300 ,inquit,
703 2219 768 2280 haeo
775 2265 784 2296 ,

201 2318 311 2382 ibidem
337 2341 385 2380 me
409 2307 633 2402 opperinsiuorss
651 2323 689 2382 Et
715 2345 782 2384 cum
