1904 3020
306 305 513 360 LIBER
555 311 582 362 1.
716 327 749 368 11

159 422 750 499 libusofficiis,luctuetmoerorediutino

160 525 476 602 deformamdefletis
495 551 573 610 peno
595 535 633 592 ad
656 547 753 594 extre·
779 611 781 618 y

160 653 238 691 mam
255 633 454 713 captivitatem
474 635 568 694 oculis
588 637 648 696 suis
658 682 667 712 ,
689 641 747 697 do-

94 741 99 746 '
158 754 226 794 mus
247 733 443 793 infortunium
462 757 610 796 novarum
630 739 751 818 nuptia-

159 857 226 894 rum
245 835 363 916 gaudiis
382 857 400 895 a
423 836 482 895 suis
500 838 556 896 sibi
573 839 748 918 parentibus

159 936 286 996 hilarare
302 938 502 1018 compellitur.
524 937 564 996 At
578 952 609 998 tu
623 939 673 998 hic
685 940 747 999 lar-

158 1037 225 1098 vale
249 1039 441 1099 simulacrum
462 1062 530 1100 cum
557 1063 671 1128 summo
700 1043 751 1102 de·

158 1141 268 1200 decore
286 1153 391 1199 nostro
408 1141 523 1201 viseris.
543 1141 749 1220 Aristomene,

157 1243 255 1323 inquit
266 1288 276 1318 ,
298 1264 345 1302 nae
366 1255 398 1300 tu
418 1241 605 1302 fortunarum
622 1245 751 1306 lubricas

157 1347 315 1424 ambages,
333 1357 363 1404 et
383 1344 532 1405 instabiles
549 1347 751 1424 incursiones,

158 1459 187 1507 et
197 1448 365 1529 reciprocas
374 1447 596 1508 vicissitudines
606 1447 725 1527 ignoras
739 1455 745 1507 Ι

157 1550 195 1609 Et
217 1572 285 1609 cum
302 1551 381 1612 dicto
393 1596 403 1625 ,
418 1551 500 1610 sutili
514 1551 692 1610 centunculo
705 1551 750 1611 fa-

158 1652 234 1711 ciem
253 1673 354 1727 suam,
368 1652 543 1730 jamdudum
556 1653 746 1734 punicantem

156 1775 221 1836 prae
233 1755 368 1834 pudore,
380 1757 513 1832 obtexit3
527 1757 567 1816 ita
581 1769 613 1817 ut
627 1759 662 1815 ab
682 1779 745 1816 um·

156 1857 246 1917 bilico
258 1858 432 1938 pubetenus
443 1871 541 1918 cetera
551 1859 688 1940 corporis
698 1881 748 1919 ro-

155 1961 293 2019 nudaret.
304 1959 367 2018 Nec
377 1961 506 2040 denique
516 1981 674 2042 perpessus
689 1981 746 2040 ego
763 1963 767 1974 '

154 2073 214 2120 tarn
226 2061 367 2120 miserum
379 2081 521 2120 aerumnae
531 2061 746 2140 spectaculum,
761 2075 763 2080 '

141 2165 273 2241 injecta
283 2187 371 2223 manu
385 2177 417 2223 ut
430 2175 563 2242 assurgat
579 2163 685 2222 enitor.
704 2163 746 2222 At

153 2267 204 2327 ille
213 2277 262 2341 ‚ut
269 2277 332 2324 erat
343 2265 438 2345 capite
447 2265 547 2324 velato
555 2309 564 2338 ,
573 2265 658 2341 Sine,
666 2267 728 2326 sine
736 2313 745 2344 ,

152 2366 271 2447 iuquit,
288 2363 405 2424 fruatur
423 2365 535 2426 diutius
553 2379 666 2448 tropaeo
679 2367 745 2428 sor-
