1904 3020
333 314 608 366 urrant.
722 310 764 384 43

179 439 328 489 censerem
354 431 617 491 diluendam.1sto
640 446 771 519 acceptq

178 534 278 612 pergit
290 533 373 614 ipae;
386 545 415 593 et
424 519 535 608 ntjecta
553 535 674 595 dextera
685 579 694 610 ,
707 537 765 595 cle·

180 648 296 694 menter
305 655 353 694 me
361 635 477 695 trahere
485 637 629 696 adoritur.
642 637 687 697 Ac
695 640 766 698 dum

184 750 290 798 contar
300 781 310 812 ,
323 739 394 798 dum
410 741 545 799 modeste
554 741 669 798 renitor
681 761 688 815 3
699 725 768 800 Non

183 835 268 922 prius
276 831 288 916 Ἰ,
299 841 399 922 inquit
409 885 418 915 ,
434 841 602 918 discedam,
614 863 702 923 quam
713 865 770 904 rme

183 945 323 1024 sequaris.
336 945 375 1004 Et
387 945 498 1004 dictum
513 944 709 1021 jurejurando.
721 965 771 1004 sc·

178 1060 269 1120 cutus
280 1091 288 1121 ,
299 1047 361 1123 jam
378 1049 566 1108 obstinationi
584 1069 645 1108 suna
659 1065 708 1106 rnc
726 1047 772 1106 in·

185 1149 276 1227 gratis
289 1151 476 1211 obedientem
487 1151 625 1232 perducit
635 1151 673 1209 ad
683 1149 770 1209 illurn

187 1273 273 1310 suum
296 1253 484 1330 grabatulum
511 1275 519 1310 ε
547 1265 576 1312 et
603 1252 774 1327 residenti,

188 1353 286 1428 Quam
302 1355 384 1415 salve
403 1356 485 1435 agit,
508 1355 625 1436 inquit,
646 1356 773 1414 Demeas

188 1459 313 1516 noster?
340 1457 413 1538 quid
441 1459 539 1516 uxor?
567 1456 640 1536 quid
661 1455 775 1516 liberi?

102 1617 119 1634 „
189 1561 261 1640 quid
273 1559 448 1621 vernaculi?
457 1559 551 1618 Narro
563 1559 689 1638 singula.
701 1561 776 1619 Per·

188 1674 323 1722 coutetur
332 1662 496 1722 accuratius
509 1683 607 1722 causas
618 1661 704 1720 etiam
717 1682 775 1743 pe·

188 1764 397 1844 regrinationis
413 1785 496 1824 meae.
514 1765 596 1840 Quas
612 1753 663 1824 ulii
679 1765 776 1846 probe
827 1775 834 1786 “

188 1867 301 1948 protuli
314 1890 322 1942 ;
333 1867 394 1943 jam
406 1879 435 1926 et
448 1869 485 1927 de
501 1868 597 1948 patria
607 1880 707 1927 nostra
719 1911 728 1942 ,
745 1879 776 1928 et

182 1968 255 2050 'ejus
265 1967 463 2049 primoribus,
474 1987 508 2026 ac
519 1968 647 2048 denique
657 1969 695 2027 de
706 1969 772 2048 ipso

188 2074 316 2154 praeside
328 2070 582 2152 scrupulosissime
593 2069 753 2150 explorans
764 2115 773 2146 ‚

191 2177 243 2235 nbi
261 2197 310 2236 me
327 2186 396 2255 post
405 2172 521 2232 itineris
534 2185 592 2231 tam
604 2171 675 2231 saevi
685 2191 775 2232 vexa·

188 2278 299 2338 tionem
311 2321 320 2352 ‚
331 2277 417 2336 sentit
425 2274 593 2357 fabularurn
603 2293 722 2354 quoque
733 2294 777 2334 se·

190 2381 235 2440 rie
246 2379 399 2460 fatigatum
410 2421 419 2454 ,
432 2377 465 2438 in
479 2379 571 2440 verba
583 2377 680 2438 media
691 2397 774 2436 som·

420 2571 425 2581 ,
501 2529 509 2563 t
