1904 3020
203 293 243 357 9⁰
340 279 638 333 aro-carr
722 271 787 330 ’.

203 397 345 477 adoperta
354 383 496 479 Coptica,
506 409 534 457 et
544 419 601 480 per
609 397 791 461 incrementa

202 499 344 576 nilotica,
364 512 394 560 et
408 521 514 560 aroana
532 501 742 582 memphitica,
760 513 792 564 et

204 601 288 662 datia
296 600 448 684 pltariaoa3
460 603 498 662 da
506 604 630 664 brevem
639 604 710 665 aolia
718 625 792 665 usu-

204 727 288 784 ram,
306 719 335 769 et
348 708 381 768 in
397 719 541 770 aeternum
557 709 684 769 conditis
698 709 792 770 coalia

205 810 353 872 modicam
364 811 463 872 lucem
473 808 609 871 infande.
623 811 691 871 Noa
703 813 792 872 obni-

206 915 298 986 timur
307 957 316 990 ‚
326 931 381 974 nec
391 925 480 974 terrae
488 933 553 972 rem
565 933 647 972 auam
660 915 792 994 denega·

207 1035 274 1075 mua
286 1037 294 1074 ι
306 1017 360 1075 red
371 1017 410 1076 ad
421 1015 545 1076 titionia
555 1015 692 1078 solatium
704 1061 713 1091 ‚
725 1015 793 1076 eri·

208 1137 302 1196 guum
331 1115 403 1176 vitae
431 1115 557 1198 epatium
586 1117 791 1198 deprecamur.

209 1210 359 1298 Propheta
374 1217 418 1278 cic
429 1217 627 1298 propitiatuc,
640 1217 794 1278 herbulam

209 1319 378 1403 quampiam
400 1329 447 1380 ter
467 1321 506 1379 ob
526 1339 561 1380 oa
585 1321 721 1402 corporis
731 1363 741 1394 ,
765 1329 795 1378 et

183 1461 187 1469 ι
210 1423 298 1484 aliam
321 1423 437 1505 pectori
459 1422 526 1500 ejus
544 1423 682 1504 imponit.
709 1424 796 1484 Tunc

209 1525 356 1587 orientem
378 1527 522 1602 obversos
532 1569 543 1600 ,
565 1537 596 1585 at
615 1525 796 1588 incrementa

211 1628 282 1689 colia
293 1627 526 1708 augustitacima
536 1627 731 1710 imprecatus,
745 1647 797 1688 ve·

211 1729 352 1790 acrabilia
363 1747 459 1788 eccum
469 1727 544 1788 lacie
557 1729 654 1789 atudia
665 1747 797 1809 praeaen-

212 1831 288 1892 tium
299 1829 524 1891 admiraculum
539 1841 652 1890 tantum
666 1831 797 1889 certatim
897 1899 900 1906 ,

134 2005 136 2010 ,
182 1914 336 2004 (arrexit.
350 1933 483 2009 Immitto
495 1953 544 1992 mo
555 1933 651 1993 turbae
668 1931 780 1992 romum
788 1973 798 2006 ,

214 2047 246 2096 et
264 2055 345 2117 pona
363 2034 463 2116 ipaum
479 2034 622 2095 lectulum
642 2033 797 2095 editiorem

216 2138 373 2218 quemdem
385 2137 517 2218 lapidem
530 2137 666 2198 inmotam
676 2181 685 2212 ,
696 2147 800 2198 cancta

218 2241 342 2300 ourioaia
359 2241 455 2300 oculis
468 2240 644 2300 arbitrabar.
664 2237 729 2300 lom
739 2251 800 2298 ‘tu-

215 2361 301 2401 more
320 2351 424 2420 pectus
446 2340 570 2420 extolli3
591 2340 654 2418 jam
676 2339 800 2402 salubria
