1904 3020
210 291 250 352 24
352 277 647 345 spumis

211 430 285 471 vero
315 408 542 482 semimortuus,
568 427 676 468 verum
706 407 793 468 etiam

210 513 274 594 ipse
285 511 358 570 mihi
368 510 564 592 supervivens
574 522 603 570 et
617 523 772 591 postumus
781 553 791 583 ,

210 614 261 676 vel
270 626 350 674 certe
361 613 510 673 destinatae
520 610 581 688 jam
590 611 686 671 erucis
695 613 794 671 cendi-

210 717 311 791 dstus,
329 714 412 790 Quid
424 758 432 788 ,
450 714 589 794 inquam,
609 715 646 774 de
659 734 707 772 me
719 713 792 787 fiet,

210 819 262 880 ubi
281 819 337 878 iste
364 817 515 896 jugulatus
536 837 621 876 mane
638 816 794 897 paruerit?

211 923 269 981 Cui
278 920 403 983 videbor
411 917 584 980 verisimilia
592 918 708 993 dicere,
719 939 793 999 pro·
823 903 825 914 ¹

209 1024 307 1085 ferens
327 1023 429 1084 vera?
461 1021 663 1081 Proclamares
691 1021 793 1082 saltem

210 1126 426 1206 suppetiatum,
446 1121 619 1184 siresietere
632 1123 681 1182 vir
699 1135 795 1182 tantus

211 1225 330 1286 mulieri
339 1224 490 1304 nequibas.
499 1223 559 1282 Sub
571 1224 729 1284 oculistuis
738 1225 795 1284 ho-

211 1349 259 1386 mo
272 1327 437 1408 jugulatur,
448 1337 477 1386 et
487 1325 575 1386 siles?
585 1327 649 1385 Cur
657 1339 754 1386 sutem
764 1338 796 1386 te

211 1428 500 1490 similelatrocinium
508 1449 569 1487 non
577 1429 796 1509 peremitPCur

211 1555 289 1595 saeva
309 1531 483 1606 crudelitas,
503 1530 554 1591 vel
574 1545 700 1612 propter
715 1531 796 1592 indi-

212 1637 290 1696 cium
304 1633 441 1708 sceleris,
453 1633 563 1692 arbitro
576 1633 731 1714 pepercit?
741 1633 795 1694 Er-

211 1757 251 1815 go
263 1735 400 1816 quonism
418 1734 536 1794 evasisti
548 1747 694 1810 mortem,
714 1757 795 1796 nunc

211 1833 263 1896 illo
287 1835 364 1896 redi.
390 1837 463 1894 Haec
488 1836 651 1898 identidem
676 1857 795 1896 mecum

210 1938 440 2020 replicabsmzet
449 1957 511 2004 nox
521 1937 581 1998 ibat
590 1939 623 1997 in
629 1937 720 1998 diem.
733 1938 796 2018 O'p·

210 2043 315 2102 timum
326 2040 425 2120 itaque
432 2037 540 2100 factum
549 2042 646 2101 visum
657 2052 700 2100 est
710 2051 795 2098 ante-

211 2140 797 2214 luculofurtimevadere,etviam‚licet

211 2245 330 2325 trepido
351 2242 497 2321 vesiigim
517 2263 679 2324 capessere.
702 2244 795 2304 Sumo

211 2345 385 2409 sarcinulam
404 2365 500 2404 meam
509 2389 519 2420 ,
536 2356 565 2404 et
583 2345 701 2408 subdite
720 2346 798 2408 clavi
