1904 3020
338 253 638 345 mannan
692 263 777 332 ‘77

168 378 173 386 '
193 373 240 426 r'as
249 375 261 442 ς’
271 389 327 429 noo
340 391 465 451 usquam
482 371 613 450 gentium
625 371 717 450 magis
727 394 775 433 mo

152 491 154 498 ·
193 470 340 545 liberum,
360 495 446 552 quam
463 474 529 548 hic,
543 473 634 534 fuisse
650 474 774 535 credidi.

194 571 254 630 Sed
266 573 379 654 oppido
390 572 519 633 formido
536 595 629 636 coecas
639 587 668 634 et
684 576 777 636 inevi-

193 675 296 735 tabiles
312 678 437 736 latebras
456 679 578 756 magicae
599 679 775 759 disciplinae.

192 777 264 835 Nam
283 791 522 858 no-rnortuornm
539 780 660 859 quidem
676 783 777 861 sepul-

192 900 242 938 cra
257 891 320 940 tuta
339 881 479 940 dicuntur
496 904 503 938 ε
524 881 577 940 aed
595 893 625 940 et
638 882 730 940 bustis
746 893 776 942 et

135 1041 137 1047 ,
191 984 552 1064 rogisreliquiaeqnaedam
560 997 589 1044 et
598 988 774 1046 cadaverum

190 1086 773 1165 praeaegminaadexitiabilesviventiom

189 1188 323 1247 fortunas
355 1200 506 1268 petuntur.
536 1190 575 1248 Et
604 1190 776 1252 cantatrices

190 1311 263 1349 anus
272 1289 304 1350 in
313 1291 378 1370 ipso
389 1304 539 1352 momento
548 1292 681 1372 choragii
688 1291 775 1353 fune-

190 1391 775 1474 brispraepetioeloritatealienamaepul-

190 1507 285 1552 turam
305 1505 506 1554 antevortunt.
528 1494 583 1553 His
603 1495 675 1554 meis
691 1495 775 1556 addi-

97 1673 99 1678 ·
191 1596 234 1658 dit
249 1596 323 1656 aliua
339 1619 347 1656 ε
364 1597 461 1658 Immo
476 1615 549 1658 voro
568 1596 709 1656 isticnec
725 1597 775 1656 vi-

189 1699 326 1759 rentibus
345 1697 464 1779 quidem
482 1699 551 1760 ullis
570 1701 712 1784 parcitur.
734 1702 772 1762 Et

189 1801 363 1886 nescioqui
383 1801 479 1862 simile
501 1825 602 1892 passos
611 1849 620 1879 ,
640 1826 693 1866 oro
713 1827 773 1865 un-

94 1915 97 1924 ‘
189 1904 279 1984 dique
293 1901 477 1962 omnifariam
500 1904 664 1966 deformato
678 1920 774 1969 trun·

188 2019 269 2066 catus
288 2018 342 2065 est.
368 2006 452 2064 Inter
481 2005 571 2080 hoec',
598 2009 771 2068 convivium

188 2121 284 2168 totum
294 2108 325 2166 in
334 2105 503 2166 licentiosos
513 2107 669 2170 cachinnos
679 2109 773 2169 effun·

188 2210 286 2270 ditur:
298 2209 490 2288 omniumque
505 2229 557 2267 orn
573 2222 601 2268 et
611 2211 772 2273 obtutuoin

188 2321 280 2372 unu'nr
291 2311 458 2393 quempiam
468 2311 575 2390 angulo
586 2313 771 2375 secubantem
