1904 3020
327 319 534 371 LIBER
576 319 600 368 1.
722 331 757 391 17
839 369 840 373 ,

177 445 224 494 tus
233 433 397 514 indignatio
404 434 588 516 percrebuit3
601 444 758 494 statutum-

176 559 235 619 que
246 550 303 614 est,
318 539 393 598 utin
403 559 467 599 eam
477 538 526 597 die
535 536 626 597 altera
634 538 761 600 severis:

145 631 150 639 ⁸
177 639 250 700 sime
261 661 399 700 saxorum
421 639 646 716 jaculationibus
661 642 761 704 vindi-

176 755 305 803 caretur.
324 742 418 818 Quod
435 741 589 802 consilium
601 742 761 804 virtutibus

177 846 347 906 cantionum
367 837 536 908 antevortit.
567 847 605 905 Et
625 890 634 922 ,
658 859 695 908 ut
710 847 782 929 itta!

177 950 286 1010 Medea
306 984 321 1025 ,=
340 950 428 1010 unius
446 951 606 1011 diecutaea
631 953 762 1014 Creonte
835 1005 841 1012 .

178 1053 344 1134 impetratis
362 1053 506 1128 induciis,
525 1065 617 1114 totam
628 1039 763 1132 ejusde-

179 1177 263 1216 mum
283 1201 292 1230 ,
321 1155 473 1237 filiamque
495 1158 646 1238 cumipse
666 1181 736 1220 sene
755 1204 763 1234 ,

180 1257 306 1317 flammis
327 1259 513 1317 coronalibus
532 1259 706 1318 deusserat:
724 1261 766 1322 sic
832 1269 835 1274 ’

181 1359 247 1418 haeo
270 1359 479 1418 devotionibus
492 1360 715 1440 ¹sepulcralibus
733 1362 766 1420 in

184 1463 318 1520 scrobem
339 1461 521 1542 procuratis,
532 1475 566 1520 ut
580 1463 654 1520 mihi
668 1477 766 1524 temu-

180 1564 261 1624 lenta
278 1564 410 1624 narravit
426 1563 581 1644 proxime,
594 1577 715 1626 cunctos
735 1567 767 1626 in
842 1543 846 1552 ι

185 1667 248 1727 suis
270 1667 327 1726 sibi
345 1665 481 1726 domibus
504 1667 591 1728 tacita
612 1668 768 1728 numinum

184 1769 326 1830 violentia
338 1769 457 1846 clausit3
479 1783 512 1829 ut
522 1765 585 1830 toto
598 1771 690 1844 biduo
707 1795 768 1832 non

184 1871 310 1931 claustra
322 1871 485 1952 perfringi,
495 1873 646 1934 nonvforos
658 1877 747 1938 evelti
759 1921 768 1950 ‚

186 1991 247 2031 non
271 1971 400 2052 denique
422 1973 549 2052 parietes
568 1973 626 2054 ipsi
646 1976 771 2056 perqui-

188 2074 287 2134 verint
298 2072 448 2154 perforari
459 2095 465 2130 ε
478 2075 576 2153 quoad
586 2065 687 2134 mutua
696 2076 770 2134 hor-

187 2175 301 2234 tatione
318 2195 447 2234 consone
464 2174 661 2248 clamitarent,
682 2195 769 2254 quam
838 2237 841 2244 ,

187 2277 368 2336 sanctissime
385 2277 570 2352 dejerantes,
587 2296 649 2343 sese
672 2289 771 2358 neque'

191 2378 221 2438 ei
241 2399 344 2440 manus
358 2377 569 2454 admolituros3
589 2389 634 2454 et,
654 2379 679 2436 εἰ
699 2379 772 2460 quid
