1904 3020
85 215 88 228 ⁴
162 213 201 272 68
297 215 593 270 APULEII

161 333 411 411 modumvespera
419 331 542 390 oriente.
551 330 744 392 Sedviciesim

162 449 194 496 tu
213 454 352 514 quoque,
371 431 464 491 frater
474 477 483 506 ,
503 433 578 492 mihi
595 453 744 507 memore,

163 535 411 616 quemadmodum
424 533 532 594 exinde
543 548 576 594 ut
585 537 622 594 de
635 537 746 597 Euboea

162 637 256 696 insula
270 634 396 701 festinus
415 637 595 716 enavigasti,
614 650 644 696 et
659 637 748 698 maris

164 753 193 799 et
205 727 261 822 vire
278 736 440 797 confeceris
451 736 517 796 iter.
531 737 580 797 Ad
591 739 655 799 hmo
670 739 749 798 Dio-

163 841 274 922 phanes
280 839 330 898 ille
338 839 497 900 Chaldreue
504 841 655 919 egregius,
667 863 748 902 men-

164 957 194 1002 te
214 943 344 1016 viduus,
363 942 490 1001 necdum
511 961 597 1023 suus,
617 944 748 1018 Hostes,

165 1045 281 1124 iuquit,
294 1055 322 1102 et
335 1063 437 1102 omnes
447 1042 560 1102 inimici
569 1044 663 1103 nostri
670 1086 680 1120 ,
691 1058 750 1104 ram

167 1147 281 1219 diram,
296 1146 387 1208 immo
400 1165 475 1204 vero
494 1145 641 1225 ulysseum
657 1169 748 1227 pere·

145 1273 148 1278 ·
166 1247 361 1329 griuatiouem
375 1245 514 1306 incidunt.
529 1247 603 1306 Nam
622 1261 658 1307 et·
669 1250 753 1310 navis

164 1352 230 1432 ipsa
239 1395 249 1426 ‚
261 1351 293 1410 in
310 1371 367 1430 que
377 1349 557 1411 vehebamur
566 1395 575 1436 2
586 1349 676 1424 variis
686 1363 752 1410 tur·
802 1375 804 1378 ·

166 1454 284 1516 binibus
293 1453 491 1533 procellarum
503 1465 653 1534 quassata,
664 1465 755 1512 utro-

169 1580 228 1639 que
240 1557 385 1636 regimine
394 1557 499 1616 amisso
512 1599 522 1630 ‚
534 1577 614 1636 aegre
624 1557 662 1628 ad
672 1557 753 1617 ulte-

168 1661 256 1720 rioris
267 1661 341 1740 n'pae
347 1660 514 1738 'marginem
526 1660 661 1736 detruse,
672 1679 754 1742 prae·

169 1784 239 1842 ceps
256 1763 388 1820 demersa
400 1773 470 1821 eu:
484 1774 514 1820 et
530 1783 585 1822 nos
596 1809 605 1838 ‚
618 1763 754 1822 omuibus
799 1781 800 1788 ¹

169 1864 281 1926 amissis
293 1905 301 1938 ,
315 1863 369 1923 vix
378 1863 568 1924 enatavimus?
580 1865 756 1938 Quodcum-
809 1866 810 1872 ’

171 1988 230 2050 que
242 1966 293 2026 vel
303 1966 474 2044 ignotorum
484 1966 671 2026 miseratione
682 2010 691 2039 ,
704 1967 754 2026 vel

170 2068 535 2128 amicorumbenivolentia
544 2067 753 2154 corruerimus,

171 2170 204 2228 id
218 2189 306 2228 omne
321 2168 500 2228 latrocinalis
515 2168 622 2228 invasit
636 2189 755 2230 manus:

172 2291 301 2351 quorum
316 2269 445 2330 audaciae
461 2291 629 2349 repugnans
650 2272 755 2348 etiem,
