1904 3020
179 256 235 336 viij
318 263 612 324 Acunum
694 255 696 258 ’

178 379 412 452 desiderantur,
437 381 550 460 partim
570 381 608 438 ad
629 389 764 460 posteros

177 482 367 554 transmissa,
377 481 493 540 affatim
505 482 661 542 declarant
670 503 765 561 quan-

153 620 156 626 ·
179 590 248 642 tum
274 582 324 641 vir
347 583 399 644 ille
424 585 546 665 ingenio
568 585 765 663 doctrinaque

102 685 107 698 ⁸
179 683 357 760 praestiterit
364 729 372 760 ‚
385 671 594 766 quantumque
602 687 686 745 inter
694 687 766 746 bar-

179 785 265 860 baras
275 795 367 865 atque
377 788 507 848 incultas
516 789 655 847 nationes
667 789 767 848 virtus

181 885 329 946 elucescat
345 889 406 948 :sic
423 899 455 948 et
467 891 540 949 olim
549 890 652 970 ,apud
667 910 768 948 socor-

181 986 327 1069 dissimos·
342 991 491 1069 Scythas,
511 992 693 1052 Anacharsis
720 1013 768 1050 sa-

181 1091 268 1170 piens
284 1101 383 1151 natus.
396 1087 447 1154 Ex
464 1093 642 1173 Apuleianis
660 1115 768 1152 monu-

181 1194 294 1252 mentis
307 1215 376 1253 cum
391 1193 449 1254 alia
460 1192 683 1274 compluscula,
699 1203 768 1252 tum

180 1293 218 1352 dc
240 1295 449 1355 convivalibus
475 1295 710 1375 quaestionibus,
730 1295 768 1354 de

180 1395 325 1474 piscibus,
342 1397 380 1456 de
400 1397 507 1477 genitu
524 1389 718 1471 animalium,
737 1406 770 1456 et

181 1497 419 1578 epigrammata,
431 1509 463 1558 et
476 1501 699 1581 Hermagoras,
718 1499 770 1559 de-

180 1599 362 1664 siderantur.
388 1603 439 1661 Ex
460 1601 508 1662 his
530 1622 605 1662 vero
627 1593 692 1682 quas
712 1602 769 1661 hoc

180 1701 319 1779 tempore
341 1710 485 1774 exstant,
507 1704 768 1770 circumferuntur

181 1801 275 1860 libelli
291 1811 421 1880 quatuor
437 1803 637 1862 floridorum:
655 1804 769 1883 inqui·
861 1856 862 1862 ,

180 1906 236 1965 bus
248 1905 356 1965 florida
367 1905 510 1965 facundia
521 1914 552 1964 et
566 1907 692 1966 odorata
703 1929 769 1968 eru-
781 1922 782 1927 ’

180 2007 258 2091 ditio
280 2007 427 2068 lectorem
452 2007 566 2067 mirum
586 2011 620 2068 in
644 2009 769 2072 modum

182 2111 357 2184 oblectant,
374 2120 675 2184 tenent,amoe11ant
692 2137 698 2172 :
716 2115 769 2174 ubi

182 2211 281 2270 veluti
313 2211 468 2272 saltuatim
499 2214 632 2273 varietas
662 2236 768 2274 rerum

183 2323 330 2374 contexta
344 2315 522 2374 convicitur.
535 2317 692 2376 Oratorias
704 2337 769 2376 om-

925 2353 946 2388 “d
