1904 3020
189 269 228 362 4*
331 272 699 326 teuent!-

180 412 255 451 tmea
268 401 354 452 vatus
365 389 505 472 prosapia
520 402 573 450 eat.
585 359 776 466 llilingmm

187 493 309 552 attidem
323 485 438 574 ¹paimia
456 491 597 574 pueritia>
620 489 777 572 stipendiis
840 549 842 554 .

190 594 307 653 merui:
324 615 395 654 mox
410 594 442 653 in
458 594 532 654 urbe
548 593 633 654 Latia
647 593 778 668 advena,
912 669 916 678 .

189 695 353 754 studiorum
363 696 528 770 Quirititnn'
535 696 710 776 indigenum
718 715 779 756 aer·

187 819 325 870 monem,
349 797 534 856 aerumnabili
551 797 679 872 labore,
694 795 777 858 nullo

188 899 331 976 magistro
343 910 513 978 praeeunte,
523 917 681 977 aggressus
692 917 781 957 exeo·

170 1001 241 1059 lui.
261 1001 307 1060 En
328 1023 397 1061 ecce
416 998 579 1081 praefamur
596 999 735 1075 veniam,
755 999 781 1060 ai

189 1105 263 1185 quid
274 1105 384 1164 exotici
392 1127 426 1166 ac
436 1104 562 1164 forensia
572 1106 717 1165 sermonis
725 1126 781 1164 ru-

189 1205 236 1265 di'a
247 1206 368 1266 locutor
381 1204 544 1266 offendero.
557 1207 621 1266 Jam
632 1205 696 1266 haee
711 1207 780 1287 qui-

93 1295 100 1302 ’
192 1309 261 1366 dem
271 1308 336 1388 ipsa
347 1307 431 1368 vocis
444 1307 608 1368 immutatio
619 1352 629 1383 ,
643 1309 781 1369 desulto-

189 1407 242 1466 riae
254 1408 382 1468 scientiae
392 1407 460 1468 stilo
471 1454 480 1484 ‚
491 1431 579 1491 quem
590 1411 780 1488 arcessimus,

190 1513 362 1591 respondet.
373 1511 517 1571 Fabulam
528 1511 722 1591 graecanicam
733 1514 781 1574 in-

190 1613 317 1694 cipimus
323 1634 334 1698 5
344 1613 442 1674 lector
453 1613 595 1688 intende,
604 1612 761 1675 laetaberis.

232 1813 430 1887 Thessaliam,
447 1834 515 1873 nam
532 1827 562 1874 et
577 1814 641 1876 illic
656 1818 781 1897 originis

192 1927 333 1976 maternae
343 1929 452 1976 nostrae
461 1916 650 1978 fundamenta
661 1964 670 1995 ,
683 1941 699 1980 a
710 1922 781 1981 Plu-

193 2017 295 2078 tarcho
313 2018 364 2077 illo
386 2019 522 2101 inclyto,
543 2043 577 2079 ac
595 2043 668 2082 mox
688 2021 780 2083 Sexto

18 2145 22 2154 =
98 2123 99 2127 ’
193 2121 393 2202 philosopho,
412 2117 523 2204 nepote
541 2123 626 2199 ejus,
642 2125 779 2203 prodita,

193 2222 319 2298 gloriam
335 2222 420 2282 nobis
431 2221 541 2282 faciunt
552 2243 559 2278 :
571 2243 633 2282 eam
651 2223 781 2285 Thessa·

190 2326 284 2403 liam,
308 2347 346 2388 ex
365 2328 487 2407 negotio
506 2329 660 2410 petebam,
679 2351 775 2412 puero
