1904 3020
310 261 333 312 L
357 263 371 312 1
395 263 417 312 B
443 262 465 310 E
492 263 517 312 R
563 263 614 314 11.
717 257 754 336 75

166 378 756 459 contemptusetiumperegrinntionispo·

167 477 239 536 terit
255 477 370 540 afferre.
388 479 445 540 Fso
461 481 524 542 sine
542 503 612 540 curs
630 481 688 555 sis,
706 481 756 541 in-

169 599 274 658 quam,
285 581 367 641 Fotis
377 603 451 644 mea.
466 583 539 642 Nam
552 596 664 664 preter
675 583 758 665 quod

169 683 383 767 epulis'ulionis
398 686 566 766 voluptates
582 708 661 746 meas
671 699 757 747 ante·-

166 783 277 856 ferrem
288 831 297 862 ,
310 800 423 848 metum
437 789 524 848 etiam
535 788 624 848 istum
635 788 691 847 tibi
701 789 757 848 tle·

167 911 245 948 usam
261 903 402 950 maturate
417 891 612 971 regressione.
630 891 693 950 Neo
712 904 758 951 su·

167 1015 237 1056 men
257 993 444 1078 incomitatus
464 995 513 1054 ibo
536 1017 543 1053 ε
564 1017 632 1055 nam
651 994 753 1075 gladio

167 1096 256 1158 solito
264 1097 573 1172 cinctussltrinsecus,
581 1097 646 1178 ipse
655 1097 756 1158 salutis
844 1141 846 1146 -

167 1218 243 1260 mese
256 1199 394 1280 praesidiu
403 1201 536 1280 gestabo.
554 1200 602 1260 Sic
616 1212 735 1282 paratus
742 1243 754 1273 ‚-

170 1321 262 1364 ooenae
281 1325 330 1366 me
353 1305 516 1366 committo.
542 1305 693 1386 Frequens
713 1303 757 1362 ibi

166 1389 311 1466 numerus
321 1408 500 1488 epulonum,
510 1419 555 1481 et,
565 1417 670 1488 utpote
676 1408 757 1487 apud

168 1507 325 1590 primatem
334 1507 472 1570 laninam
484 1553 493 1584 ,
504 1509 561 1568 ilos
571 1509 636 1588 ipse
650 1509 757 1570 civita-

169 1610 216 1670 tis.
228 1611 266 1670 Et
275 1612 400 1692 opipare
406 1613 481 1672 oitro
490 1623 519 1672 et
529 1612 619 1670 ebore
628 1611 756 1671 nitentes

169 1714 240 1776 leoli
251 1759 261 1790 ,
273 1715 370 1776 aureis
381 1715 512 1776 vestibus
522 1714 625 1774 intecti
636 1735 644 1789 3
662 1713 757 1795 ampli

171 1815 294 1890 calices,
315 1817 407 1878 vur'iae
426 1817 546 1898 quidem
563 1816 686 1896 gratie,
707 1819 761 1878 sed

169 1919 362 2000 pretiositatis
371 1919 469 1978 unius.
485 1919 543 1978 Hic
555 1919 666 1978 vitrum
678 1918 760 1978 lubre

172 2020 350 2100 sigillatum,
373 2019 415 2080 ibi
435 2019 609 2099 crystallum
628 2021 763 2100 impuno-

172 2136 235 2184 tum
245 2145 254 2198 ;
271 2133 428 2203 argentum
439 2121 509 2180 alibi
520 2121 633 2182 clerum
645 2163 655 2195 ‚
666 2132 695 2179 et
705 2141 762 2178 an-

171 2245 238 2286 rum
257 2223 432 2309 fulgurans,
457 2235 488 2284 et
510 2221 661 2283 succinum
673 2217 762 2284 'mire

176 2323 760 2410 ouvetmnincupides,utbiba'szelquid·
