1904 3020
195 237 234 316 78
330 197 647 292 Auuuuii

193 355 397 419 conferuntur.
413 354 475 430 Qui
490 367 664 415 cunctorum
683 347 776 414 obsti-

193 459 313 519 natione
330 457 488 532 0oufueus‚
502 457 624 539 indigne
641 478 778 516 murmu-

192 561 366 634 rabundus,
387 581 454 620 cum
474 559 566 620 veliet
588 578 775 638 exsurgere:

191 663 288 720 Immo
295 661 533 743 ‚miTelephron
540 659 720 742 ,Byrrhaeuu
728 658 777 718 in-

190 764 255 844 quit
265 809 276 840 ‚
292 778 322 824 et
335 765 459 825 subsiste
469 764 619 844 paulisper
629 808 638 839 ,
650 775 679 822 et
691 782 776 822 more

191 877 249 926 tuae
267 862 680 927 urbanitatiefabulumillam
694 877 775 924 tuam

190 971 346 1044 remetire,
358 981 392 1028 ut
408 981 437 1028 et
455 968 534 1028 filius
548 988 631 1026 meus
642 967 698 1026 iste
711 965 775 1027 Lu-

117 1093 121 1104 ’
191 1072 254 1133 ciue
271 1071 366 1152 lepidi
382 1072 526 1141 sermonis
545 1071 590 1130 tui
605 1069 775 1152 perfruatur

190 1173 336 1233 comitate.
351 1172 391 1232 At
400 1174 453 1233 ille
463 1218 472 1249 ,
486 1175 534 1232 Tu
546 1173 666 1254 quidem
678 1173 772 1233 domi-

189 1297 227 1336 na
238 1319 248 1350 ,
262 1276 320 1350 ait,
332 1275 363 1336 in
379 1276 476 1337 officio
487 1296 588 1336 manes
601 1288 706 1336 sancte
715 1287 774 1336 tute

188 1377 328 1439 bonitatis
339 1400 348 1455 3
366 1379 418 1439 sed
427 1375 549 1438 ferenda
560 1397 622 1436 uon
635 1389 679 1436 est
694 1397 773 1458 quo·

190 1484 324 1542 rumdam
338 1480 504 1542 insolentia.
515 1479 565 1540 Sic
576 1480 629 1540 ille
639 1500 774 1540 eommo-

189 1595 245 1641 tus.
265 1583 325 1640 Sed
342 1581 477 1640 iu'stantia
491 1581 682 1662 Byrrhenae,
707 1605 774 1664 quae

190 1703 257 1742 cum
269 1681 458 1758 adjuratione
468 1703 528 1741 suae
542 1683 642 1745 salutis
650 1683 775 1766 ingratis

188 1785 313 1864 cogebat
323 1781 405 1842 efferi
416 1827 424 1857 ,
435 1782 560 1864 perfecit
568 1797 603 1844 ut
615 1787 716 1848 vellet.
728 1786 774 1848 Ac

164 1905 167 1914 ’
187 1885 422 1964 eicuggeratisiu
430 1887 581 1947 cumulum
589 1889 735 1968 stragulis,
743 1900 773 1950 et

188 1987 296 2049 effultis
303 1987 335 2049 in
346 1989 494 2066 cubitum,
506 1991 732 2070 suberectusque
739 1989 771 2048 iu

187 2079 286 2151 torum
294 2137 303 2166 ‚
310 2091 440 2174 porrigit
451 2094 619 2166 dexteram,
630 2092 703 2151 etad
711 2091 771 2150 inu·

187 2203 234 2251 tau
246 2204 398 2275 oratorum
413 2192 578 2254 conformat
596 2192 770 2268 articulum

186 2291 360 2375 duobusque
369 2295 480 2355 infimis
493 2294 637 2356 conclusis
650 2295 771 2377 digitis,
