1904 3020
42 300 48 326 ²
201 303 240 363 14
338 291 636 358 crunam

142 476 153 507 ‚
200 423 333 483 iilentem
358 421 499 500 contraho
522 444 529 480 ε
554 433 582 480 et
603 421 681 502 ipsas
702 421 787 480 etiam

199 525 341 600 lacinias,
360 543 431 605 quas
449 525 522 585 boni
537 525 669 584 latrones
688 537 790 584 conte-

199 631 297 709 gendo
325 627 399 686 mihi
422 640 626 690 concesserant
641 627 703 702 ‚in
725 647 790 686 eam

200 731 314 791 contuli
326 754 333 791 :
348 731 488 813 operulas
498 731 586 790 etiam
595 775 604 805 ,
613 751 685 812 quas
693 728 791 789 adhuc

201 845 326 913 vegetus
338 834 493 894 saccariam
503 833 613 892 faciens
623 833 770 891 merebam
780 851 788 906 3

201 936 299 1015 quoad
322 955 370 994 me
390 935 429 994 ad
449 918 534 994 isram
554 933 679 1008 faciem,
702 955 789 1014 quarn

199 1035 289 1117 paulo
304 1045 371 1094 ante
381 1035 484 1096 vidisti
495 1080 504 1109 ‚
514 1035 592 1093 bons
601 1055 680 1092 uxor
691 1046 719 1094 ct
731 1055 792 1091 rna·

199 1140 228 1198 la
241 1137 360 1198 fortuna
377 1137 529 1219 perduxit.
547 1137 605 1198 Pol
618 1137 741 1218 quidem
757 1149 790 1196 tu

200 1240 329 1320 dignus„
349 1241 489 1322 inquam,
507 1261 539 1306 es
555 1251 687 1299 extrema
704 1239 792 1299 susli-

200 1351 293 1420 n'cre3
310 1343 334 1402 si
354 1343 427 1424 quid
448 1354 491 1402 est
511 1353 610 1401 tamen
628 1341 790 1401 novissimo

204 1448 389 1522 extremius,
413 1445 465 1527 qui
487 1446 672 1526 voluptatem
696 1465 792 1505 venc-

200 1568 303 1624 ream,
326 1562 355 1609 et
377 1561 507 1608 scortum
527 1560 674 1607 scorteum
691 1547 747 1605 lari
764 1557 793 1606 et

200 1649 303 1708 liberis
320 1649 489 1729 praetulisti.
508 1647 549 1706 At
564 1647 616 1708 ille
631 1647 758 1727 digitum
776 1669 792 1705 a

201 1750 312 1829 pollice
322 1749 792 1829 proximumorisuoadmovcns,

203 1851 429 1932 erinstuporcm
439 1851 579 1911 attonitus
586 1853 683 1927 ,Tace
691 1861 775 1924 ‚iaec
782 1891 792 1923 ,

202 1953 300 2032 inquit
315 1975 322 2010 ε
339 1964 369 2012 et
380 1952 621 2034 circumspiciens
633 1961 793 2010 tutamenla

203 2052 347 2114 sermonis
355 2097 364 2128 ,
372 2053 466 2114 Parce
473 2053 586 2133 ‚inquit
593 2097 602 2126 ‚
614 2053 645 2109 in
653 2050 792 2109 feminam

202 2156 336 2215 divinam
346 2199 354 2229 ‚
365 2176 405 2214 nc
416 2177 503 2236 quam
512 2155 567 2212 tibi
577 2155 678 2232 lingua
688 2152 793 2211 intem-

201 2267 324 2336 perante
341 2275 452 2314 noxam
472 2253 636 2315 contrahas.
655 2252 715 2312 Ain
726 2265 793 2312 tan·

204 2358 298 2418 dem?
312 2353 433 2438 inquam
446 2369 572 2439 :potens
584 2355 634 2415 illa
649 2369 677 2416 er
690 2355 793 2438 regina
830 2401 846 2415 r
