1904 3020
223 285 262 346 50
365 289 662 340 aenituit

217 403 316 468 titium
327 425 334 461 :
346 405 426 465 oculi
442 405 520 464 caesii
531 405 672 486 quidem,
690 405 742 464 sed
756 403 806 464 vi·
861 391 864 398 ¹

148 517 154 527 '
219 506 311 585 giles,
323 519 351 566 et
362 507 393 566 in
401 519 521 588 aspectu
529 508 671 568 micantes
680 527 806 588 prorsus

219 609 371 689 aquilini,
392 631 512 691 quoquo
539 631 659 671 versum
682 609 804 668 floridi:

223 711 373 790 speciosus
395 725 425 772 et
444 713 642 774 immeditatus
662 713 803 772 incessus.

219 811 257 871 Et
270 813 379 888 adjecit
391 815 470 894 :Ego
483 829 511 875 ta
521 859 530 890 ,
541 837 559 874 o
572 815 666 890 Luci,
678 815 752 875 meis
763 816 805 874 is·

219 915 257 975 tis
267 917 400 977 manibus
409 919 535 978 educavi
545 935 553 977 t
563 918 687 999 quidni?
700 907 809 998 paren-¹

218 1017 256 1077 tis
269 1029 327 1077 tuae
338 1039 400 1078 uon
415 1022 506 1081 modo
518 1019 665 1101 sauguinis
673 1064 682 1094 ,
698 1041 804 1080 verum

218 1119 423 1179 alimoniarum
435 1122 521 1180 etiam
532 1121 620 1181 socia.
632 1120 753 1178 Namex
766 1118 807 1179 fa-

216 1220 297 1282 milia
313 1223 466 1283 Plutarchi
475 1225 568 1283 ambae
578 1233 731 1304 prognatae
752 1243 804 1280 au·

216 1343 298 1397 mus,
315 1335 344 1382 et
353 1327 485 1384 eamdem
499 1325 644 1386 nutricem
658 1325 745 1384 simul
758 1324 806 1383 bi-

215 1425 337 1502 bimus,
353 1427 423 1486 etin
440 1449 523 1487 nexu·
534 1427 734 1507 germanitatis
747 1447 804 1484 una
869 1443 882 1470 ‘-

218 1533 396 1591 coaluimuc:
409 1553 464 1592 nec
475 1531 556 1590 aliud
566 1551 621 1589 nos
636 1551 723 1610 quam
742 1527 803 1607 dig-

213 1631 293 1690 nitas
320 1631 461 1690 discernit
489 1651 497 1687 ε
525 1631 606 1710 quod
633 1630 805 1702 clarissimas

216 1731 268 1788 itta
279 1773 288 1804 ,
300 1749 356 1806 ego
367 1729 497 1809 privatas
506 1729 625 1810 nuptias
636 1729 801 1790 fecerimus.

216 1831 281 1909 Ego
294 1851 357 1889 sum
373 1831 537 1910 Byrrhaena
547 1832 617 1908 illa,
630 1833 717 1910 cujus
726 1831 804 1891 forte

149 1914 151 1919 .
217 1933 355 2014 saepicule
370 1953 481 1995 nomen
496 1935 575 1995 inter
589 1947 653 1994 tuoe
666 1933 804 2014 frequen·

215 2046 308 2096 tatum
336 2037 511 2096 'educatores
537 2038 657 2096 retines.
684 2035 803 2096 Accede

177 2163 181 2170 ·
214 2139 483 2220 itaquehospitium
493 2140 600 2198 fiducia
607 2140 717 2213 ‚immo
727 2159 801 2199 vero

215 2241 275 2316 jam
293 2253 376 2312 tuum
387 2243 546 2322 proprium
556 2241 658 2300 larem.
678 2240 726 2300 Ad
737 2242 802 2348 hae'c

215 2365 272 2421 ego
281 2387 291 2418 ‚
304 2343 366 2421 jam
386 2343 531 2403 sermonis
546 2343 639 2424 ipsius
655 2364 737 2403 mora
749 2365 803 2403 iu-
