1904 3020
334 261 633 317 srnnnrr.
733 259 770 336 67

187 383 274 454 dam,
289 401 355 439 cum
366 377 529 460 frequentis
542 377 649 460 populi
658 377 771 439 circulo

187 494 367 563 conseptus,
385 501 504 540 corona
520 481 772 541 circumstantium

185 585 244 646 fata
258 586 386 645 donaret·
391 627 400 656 ‚
417 582 518 642 Cerdo
536 583 656 664 quidam
672 584 771 644 norni-

187 709 225 748 ne
250 686 419 766 negotiator
442 685 563 744 accessit
584 707 651 745 eum
662 729 672 762 ‚
693 687 773 746 diem

86 866 88 870 .
182 791 376 864 ,oommodum
388 787 622 870 peregrinationi
638 789 770 870 cupiens.

189 893 290 968 Quem
302 913 370 976 curn
385 890 510 949 electum
525 889 697 950 destinasset
708 891 773 965 itti,

185 993 248 1072 jam
260 991 392 1073 deposita
403 1011 541 1050 crumena
552 1035 562 1066 ‚
572 990 634 1068 jam
643 989 773 1072 profusis

145 1102 149 1113 '
185 1094 366 1168 nummulis,
381 1092 441 1170 jam
453 1093 643 1153 dinumeratis
654 1106 772 1154 centum

188 1195 316 1258 denariis
326 1239 335 1268 ,
348 1215 423 1275 quos
432 1196 601 1254 mercedem
612 1195 773 1256 divinatio-

185 1298 232 1358 nis
241 1296 385 1372 auferret3
400 1317 469 1356 ecce
484 1298 603 1377 quidam
614 1298 652 1356 de
661 1297 773 1357 nobili-

185 1400 241 1460 bus
250 1399 485 1459 adolescentulus
494 1420 511 1456 a
522 1411 607 1477 tergo
614 1389 771 1478 arrepens,

188 1525 256 1570 eum
264 1503 368 1564 lacinia
378 1502 547 1584 prehendit,
555 1513 585 1560 et
595 1521 771 1563 conversum

186 1605 341 1688 amplexus
353 1604 541 1666 exosculatur
547 1604 720 1664 arctissime.
732 1604 772 1662 At

186 1709 256 1784 ille,
273 1708 326 1768 ubi
339 1708 472 1788 primurn
485 1707 668 1770 consaviatus
682 1729 749 1768 eum
762 1751 771 1781 ‚

185 1810 296 1887 juxtim
305 1831 336 1870 se
346 1821 380 1869 nt
389 1810 530 1871 assideret
540 1809 636 1872 effecit
642 1855 651 1886 ,
661 1811 770 1871 attoni·

185 1924 234 1974 tus
245 1912 446 1994 strepentium
455 1913 579 1972 visionis
590 1925 711 1993 stupore
722 1957 731 1988 ,
743 1925 770 1972 et

187 2013 354 2096 presentis!
368 2013 501 2092 negotii,
524 2015 606 2093 quod
630 2015 771 2092 gerebat,

186 2117 316 2190 oblitus,
332 2115 399 2176 infit
414 2117 453 2175 ad
469 2136 536 2174 eum
557 2136 564 2172 ε
586 2115 683 2188 Quem
699 2113 770 2172 olim

188 2219 325 2300 equidem
348 2229 504 2299 exoptatus
521 2216 607 2275 nobis
624 2216 770 2277 advenis?

187 2319 356 2402 Respondit
368 2321 407 2380 ad
421 2321 486 2380 heo
501 2319 552 2378 ille
567 2317 642 2378 alius
656 2339 664 2376 ε
680 2317 771 2376 Com·
