1904 3020
194 275 234 334 64
331 265 626 330 APU'LEII

194 397 284 459 hodie
295 419 403 472 omne,
421 400 502 478 quod
517 383 602 458 nobis
616 395 780 475 restinguat

195 501 319 583 pudoris
330 501 495 578 ignaviam,
514 514 542 560 et
552 502 678 560 alacrem
691 500 781 578 vigo-

197 625 260 664 rem
272 603 404 662 libidinis
417 604 548 663 incutiat.
562 605 625 662 Hac
636 603 714 662 enim
727 601 782 660 sit-

197 705 782 786 archisnavigiumVenerisindigetsols3

198 823 231 872 ut
240 810 271 870 in
281 821 368 870 nocte
377 807 555 889 pervigiliet
565 809 632 866 oleo
643 809 783 879 lucerna,

200 925 230 972 et
236 913 309 973 vino
322 912 397 972 calix
406 903 543 972 sbdndet.
555 911 643 970 Diem
654 915 784 968 ceterum

198 1014 317 1073 lavacro
327 1035 375 1088 ‚ac
384 1013 454 1072 dein
462 1035 553 1072 coeuae
560 1011 704 1072 dedimus.
711 1013 786 1072 Nam

201 1115 323 1174 Milonis
332 1115 404 1174 boni
415 1115 654 1174 concinnaticiam
664 1137 788 1176 mensu·

201 1219 260 1310 lam
269 1233 390 1298 rogatus
400 1221 594 1279 accubueram
603 1264 611 1294 ,
620 1241 707 1300 quam
715 1233 787 1301 pote

202 1331 283 1380 tutus
294 1322 330 1380 ab
343 1320 449 1380 uxoris
466 1321 532 1398 ejus
542 1333 690 1401 'nspectu,
707 1323 790 1402 Byr·

202 1422 311 1484 rbaenae
322 1425 502 1484 monitorum
511 1445 640 1500 memor3
653 1435 681 1482 et
690 1417 789 1504 perin-

204 1528 242 1586 de
257 1527 290 1586 in
304 1525 369 1602 ejus
379 1527 484 1586 faciem
501 1527 604 1586 oculos
619 1547 702 1607 meos
713 1549 747 1586 ac
764 1527 789 1587 si

203 1629 236 1688 in
250 1628 404 1690 Avernum
415 1630 512 1688 lacum
526 1628 687 1688 formidans
702 1629 789 1704 deje-

173 1795 174 1800 ἵ
205 1735 311 1788 ceram.
331 1730 390 1788 Sed
406 1729 521 1788 assidue
531 1730 692 1811 respiciens
707 1751 789 1812 prae-

206 1831 417 1890 ministrantem
430 1831 565 1891 Fotidem
576 1877 585 1906 ,
596 1833 669 1892 inibi
679 1855 790 1893 recrea·
822 1911 824 1922 A

206 1935 260 1992 bar
269 1934 359 1992 animi
371 1956 377 1990 :
391 1929 456 1992 cum
465 1979 473 2008 ‚
484 1955 569 2009 ecce,
579 1935 639 2009 jam
650 1957 773 2017 vespera
782 1968 796 2010 ,=

206 2037 357 2096 lucernam
371 2029 487 2094 intuens
500 2035 674 2116 Pamphile,
692 2037 791 2112 Quam

207 2141 307 2220 largus
318 2186 327 2214 ‚
339 2141 451 2220 inquit,
462 2140 556 2198 imber
573 2141 669 2198 aderit
685 2141 792 2200 crosti-

208 2263 248 2300 no
260 2247 267 2302 l
281 2245 318 2301 Et
325 2243 510 2323 percontanti
520 2242 625 2301 marito
634 2287 643 2317 ‚
652 2244 703 2322 qui
714 2265 792 2303 com·

209 2345 333 2426 perisset
342 2344 440 2406 istud?
449 2345 620 2424 respondit,
631 2345 686 2406 sibi
695 2346 794 2406 lucen-
