1904 3020
196 272 235 332 28
332 277 647 334 A'PULEIL

197 391 254 454 Ubi
265 414 295 454 es
309 405 342 453 tu
348 438 358 467 ,
379 395 431 476 qui
445 389 502 475 ritu
518 407 606 458 nocte
622 377 781 457 immodico¹

200 492 356 556 festinabas
362 508 497 571 ,etuunc
505 496 780 558 stertisinvolutus?

196 594 245 656 Ad
259 596 322 657 haec
330 642 339 672 ,
357 599 457 659 nescio
478 621 515 658 sn
528 620 595 660 casu
609 611 727 672 nostro,
743 619 781 658 arr

195 697 277 758 illius
296 702 406 760 absono
434 701 563 762 clamore
590 712 782 783 experrectus

199 799 336 862 Socrates
352 806 365 877 ,’
381 803 514 884 exsurgit
529 804 615 885 prior
627 826 634 862 :
646 816 675 863 et
682 848 692 879 ,
706 803 781 878 Nic,

197 902 294 985 inquit
302 949 311 980 ,
320 905 427 964 merito
438 905 610 965 stabularios
618 906 673 966 hou
682 925 783 967 omnes

197 1007 331 1088 hospites
342 1009 532 1068 detestantur.
540 1008 615 1068 Nam
620 1008 676 1068 iste
688 988 784 1068 curio·=

198 1130 247 1168 sus
260 1111 331 1168 dum
341 1109 511 1188 importune
521 1109 680 1192 irrumpit,
692 1111 782 1170 credo

199 1211 296 1271 studio
319 1211 459 1292 ‘rapiendi
487 1212 626 1293 aliquid,
653 1213 808 1273 clamorc=

198 1323 280 1374 vasto
288 1356 298 1387 ‚
315 1313 479 1378 marcidum
496 1313 628 1395 alioquin
643 1335 692 1374 mc
702 1315 784 1374 altis-

199 1414 274 1476 simo
285 1434 400 1474 sommo
410 1416 546 1478 excussit.
560 1417 688 1497 Emergo
698 1401 785 1480 laetus

198 1530 288 1599 etque
301 1518 414 1593 alacer,
431 1519 580 1600 insperato
591 1521 700 1601 gaudio
716 1521 786 1601 per·v
804 1504 807 1508 ‚

198 1619 298 1680 fusus:
312 1633 357 1694 et,
371 1621 447 1680 Ecce
456 1665 465 1694 ‚
475 1621 587 1697 janitor
597 1621 784 1696 fidelissime,

199 1741 298 1782 comes
306 1732 335 1780 et
343 1732 427 1800 puter
435 1742 534 1796 meus,
545 1735 574 1781 et
584 1721 676 1784 frater
684 1743 782 1795 meus,

199 1841 287 1902 quem
297 1832 385 1880 nocte
397 1820 495 1894 ebrius
508 1823 637 1884 occisum
646 1845 665 1884 s
677 1845 724 1883 me
736 1844 783 1884 ca-

199 1923 398 1986 lumniabaris.
414 1925 452 1984 Et
463 1947 530 1986 cum
540 1921 620 1988 dicto
633 1927 783 1986 Socratem

101 2033 105 2040 '
201 2030 392 2090 deosculabar
400 2031 563 2112 amplexus.
575 2031 614 2090 At
622 2031 673 2118 ille
679 2030 784 2104 ,olore

199 2133 312 2214 alioqui
325 2133 508 2215 spurcissimi
517 2133 650 2192 humoris
660 2153 783 2213 percus-

199 2256 248 2296 sus
259 2278 268 2310 ,
288 2255 348 2315 quo
360 2255 409 2294 me
421 2235 516 2294 lamio
528 2234 588 2296 itte
600 2233 762 2295 infecerunt
773 2279 783 2309 ,

198 2335 391 2398 vehementer
414 2329 597 2418 ospemstur.
629 2333 782 2418 Apagets,
