1904 3020
182 247 221 312 m
318 217 615 306 inuenti

180 371 359 456 picac'iorem
370 373 435 454 ipso
447 373 571 452 Lynceo
583 413 592 444 ‚
603 370 653 431 vel
664 369 765 450 Argo,

182 489 211 538 ct
221 475 356 536 oculeum
367 487 471 536 totum.
485 475 550 536 Vix
560 475 694 534 finieram
713 495 721 531 ε
737 483 766 532 et

181 577 261 636 illico
273 597 321 636 me
331 576 476 656 produxit
485 577 523 636 ad
533 577 654 636 domum
664 588 768 656 quam⁴

150 718 152 729 ,
181 677 281 758 piam,
298 677 385 754 cujus
401 677 473 758 ipsis
489 677 602 737 foribus
619 676 748 756 obseptis
757 719 767 750 ,

182 767 525 862 perquamdamlirevcm
535 780 771 864 posticulomina

183 895 318 944 trovocat
335 903 400 956 mo,
421 896 450 942 et
466 883 606 944 conclave
620 882 769 962 quoddam

183 987 326 1046 ‘obseratis
342 985 504 1062 luminibus
520 985 692 1044 umbrosum
706 1030 715 1060 ,
739 997 769 1045 et

185 1091 365 1150 demonstrat
375 1101 541 1150 matronam
546 1087 676 1150 flebilem
686 1135 696 1164 ,
706 1088 770 1149 fus-

184 1213 225 1254 co*
236 1204 317 1254 veste
337 1205 517 1270 contectam3
541 1215 628 1274 quam
643 1207 769 1276 propter

184 1297 336 1372 assistens,
345 1299 403 1358 Hic
412 1343 421 1372 ,
431 1297 528 1378 inquit
536 1342 545 1372 ,
554 1311 724 1360 auctoratus
731 1299 770 1360 ad

185 1401 348 1460 custodiam
358 1401 456 1460 mariti
469 1401 514 1464 tui
530 1401 659 1463 fidenter
667 1399 768 1464 acces·
817 1465 819 1469 .

186 1503 233 1562 sit.
254 1503 295 1563 At
314 1505 365 1564 illa
382 1549 392 1579 ,
417 1504 547 1564 crinibus
565 1507 770 1586 antependulis

185 1605 333 1665 hincinde
345 1607 482 1680 dimotis,
500 1607 586 1666 ctiam
596 1607 628 1667 in
644 1627 771 1670 maerore

185 1706 363 1765 luculentam
372 1707 771 1792 proferensfaciem,mequc

186 1820 364 1888 respectans,
372 1807 470 1886 Vide,
482 1831 537 1870 oro
546 1856 556 1885 ,
566 1812 674 1894 inquit,
682 1835 771 1894 quam

188 1911 557 1990 expergitemunusobeas.
567 1915 636 1975 Sine
644 1915 770 1986 curasis,

186 2013 306 2094 inquam
316 2017 419 2089 ;modo
430 2017 618 2078 corollarium
628 2018 771 2078 idoneum

189 2111 350 2198 compares.
364 2118 433 2194 Quo
444 2121 572 2200 placito,
588 2119 684 2178 ociter
699 2137 770 2176 sur·

189 2213 286 2293 rexit,
304 2230 333 2277 et
343 2221 380 2278 ad
392 2219 475 2280 aliud
485 2241 532 2280 me
543 2217 710 2312 cubiculum
720 2217 771 2276 in·
790 2209 791 2212 Ἴ

83 2343 88 2350 ·
190 2319 281 2382 ducit.
297 2320 344 2380 Ibi
359 2341 469 2403 corpus
481 2318 703 2403 splendentibus
711 2318 773 2380 lin·
